<record><leader>00000cas a2200000 a 4500</leader><controlfield tag="001">13639807</controlfield><controlfield tag="007">hd bfu---baaa</controlfield><controlfield tag="008">860523c19839999mauwr n a     0   a0eng c</controlfield><datafield ind1=" " ind2=" " tag="010"><subfield code="a">sn 86021901 </subfield></datafield><datafield ind1=" " ind2=" " tag="040"><subfield code="a">HLS</subfield><subfield code="b">eng</subfield><subfield code="c">HLS</subfield><subfield code="d">HUL</subfield><subfield code="d">OCLCQ</subfield></datafield><datafield ind1=" " ind2=" " tag="012"><subfield code="i">8606</subfield></datafield><datafield ind1=" " ind2=" " tag="042"><subfield code="a">pcc</subfield></datafield><datafield ind1=" " ind2=" " tag="043"><subfield code="a">a-pk---</subfield></datafield><datafield ind1="0" ind2="4" tag="245"><subfield code="a">The Pakistan times overseas weekly</subfield><subfield code="h">[microform].</subfield></datafield><datafield ind1=" " ind2=" " tag="260"><subfield code="a">Lahore, Pakistan :</subfield><subfield code="b">Pakistan Times Press,</subfield><subfield code="c">1983-</subfield></datafield><datafield ind1=" " ind2=" " tag="300"><subfield code="a">v. :</subfield><subfield code="b">ill. ;</subfield><subfield code="c">41 cm.</subfield></datafield><datafield ind1=" " ind2=" " tag="310"><subfield code="a">Weekly</subfield></datafield><datafield ind1="0" ind2=" " tag="362"><subfield code="a">Vol. 1, no. 1 (July 3-9, 1983)-</subfield></datafield><datafield ind1=" " ind2=" " tag="500"><subfield code="a">Title from caption.</subfield></datafield><datafield ind1=" " ind2=" " tag="550"><subfield code="a">Issued by: Pakistan times.</subfield></datafield><datafield ind1=" " ind2=" " tag="533"><subfield code="a">Microfilm.</subfield><subfield code="b">Cambridge, Mass. :</subfield><subfield code="c">Harvard University Library Microreproduction Service,</subfield><subfield code="d">1985-</subfield><subfield code="e">microfilm reels : negative ; 4 in., 35 mm.</subfield></datafield><datafield ind1="0" ind2=" " tag="730"><subfield code="a">Pakistan times.</subfield></datafield><datafield ind1=" " ind2=" " tag="752"><subfield code="a">Pakistan</subfield><subfield code="d">Lahore.</subfield></datafield><datafield ind1=" " ind2=" " tag="850"><subfield code="a">MH</subfield></datafield><datafield ind1="1" ind2=" " tag="029"><subfield code="a">AU@</subfield><subfield code="b">000025806571</subfield></datafield></record>